<?xml version="1.0" encoding="UTF-8"?><collection xmlns="http://www.loc.gov/MARC21/slim"><record><leader>00326nam--2200133-i-4500</leader><controlfield tag="001">000018952</controlfield><controlfield tag="002">20161230</controlfield><controlfield tag="005">20161230201033</controlfield><controlfield tag="008">060222s1000------------r-----000-0-eng-d</controlfield><datafield ind1=" " ind2=" " tag="080"><subfield code="a">543.422.4</subfield></datafield><datafield ind1=" " ind2=" " tag="100"><subfield code="a">Conley, Robert T</subfield></datafield><datafield ind1=" " ind2=" " tag="245"><subfield code="a">Infrared spectroscopy</subfield></datafield><datafield ind1=" " ind2=" " tag="260"><subfield code="a">Boston, Allyn And Bacon, 1966. Ix + 293 P</subfield></datafield><datafield ind1=" " ind2=" " tag="852"><subfield code="a">27158</subfield></datafield></record></collection>